@incollection{alex,
	title = {ImageNet Classification with Deep Convolutional Neural Networks},
	author = {Alex Krizhevsky and Sutskever, Ilya and Geoffrey E. Hinton},
	booktitle = {Advances in Neural Information Processing Systems 25},
	editor = {F. Pereira and C. J. C. Burges and L. Bottou and K. Q. Weinberger},
	pages = {1097--1105},
	year = {2012},
	publisher = {Curran Associates, Inc.},
	url = {http://papers.nips.cc/paper/4824-imagenet-classification-with-deep-convolutional-neural-networks.pdf}
}

@inproceedings{overfeat,
 title = "OverFeat: Integrated Recognition, Localization and Detection using Convolutional Networks",
 author = "Sermanet, Pierre and Eigen, David and Zhang, Xiang and Mathieu, Michael and Fergus, Rob and LeCun, Yann",
 booktitle = "International Conference on Learning Representations (ICLR 2014)",
 publisher = "CBLS",
 month = "April",
 year = "2014",
 url = "http://openreview.net/document/d332e77d-459a-4af8-b3ed-55ba",
 arxiv = "http://arxiv.org/abs/1312.6229"
}


@misc{caffe,
title = {Caffe},
note={http://caffe.berkeleyvision.org/},
author={Jia, Yangqing}
}

